% This file was created with Citavi 5.7.0.0
@misc{enron,
  title = {Enron Email Dataset},
  author = {{Carnegie Mellon University}},
  howpublished = {\url{https://www.cs.cmu.edu/~enron/}},
  year = {2003},
  note = {Accessed: April 12, 2024}
}

@misc{enron_spam,
  title = {{Enron Spam Dataset}},
  author = {{SetFit}},
  howpublished = {\url{https://huggingface.co/datasets/SetFit/enron_spam}},
  year = {2021},
  note = {Accessed: April 12, 2024}
}
