@misc{enron,
  title = {Enron Email Dataset},
  author = {{Carnegie Mellon University}},
  howpublished = {\url{https://www.cs.cmu.edu/~enron/}},
  year = {2003},
  note = {Accessed: April 12, 2024}
}