% This file was created with Citavi 5.7.0.0
@ARTICLE{769767,
  author={McKeown, N.},
  journal={IEEE/ACM Transactions on Networking}, 
  title={The iSLIP scheduling algorithm for input-queued switches}, 
  year={1999},
  volume={7},
  number={2},
  pages={188-201},
  keywords={Scheduling algorithm;Switches;Traffic control;Asynchronous transfer mode;Packet switching;Bandwidth;Throughput;Iterative algorithms;Round robin;Internetworking},
  doi={10.1109/90.769767}}

  @ARTICLE{1096719,
  author={Karol, M. and Hluchyj, M. and Morgan, S.},
  journal={IEEE Transactions on Communications}, 
  title={Input Versus Output Queueing on a Space-Division Packet Switch}, 
  year={1987},
  volume={35},
  number={12},
  pages={1347-1356},
  keywords={Packet switching;Switches;Communication switching;Fabrics;Throughput;Communication networks;Integrated circuit interconnections;Buildings;Computer networks;Concurrent computing},
  doi={10.1109/TCOM.1987.1096719}}


@INPROCEEDINGS{9098995,
  author={Gong, Long and Liu, Liang and Yang, Sen and Xu, Jun Jim and Xie, Yi and Wang, Xinbing},
  booktitle={2020 IEEE 21st International Conference on High Performance Switching and Routing (HPSR)}, 
  title={SERENADE: A Parallel Iterative Algorithm for Crossbar Scheduling in Input-Queued Switches}, 
  year={2020},
  volume={},
  number={},
  pages={1-6},
  keywords={Time complexity;Throughput;Delays;Iterative methods;Schedules;Switches;Computer architecture},
  doi={10.1109/HPSR48589.2020.9098995}}


